%# -*- coding: utf-8-unix -*-

@inproceedings{najibi2017ssh,
	title={Ssh: Single stage headless face detector},
	author={Najibi, Mahyar and Samangouei, Pouya and Chellappa, Rama and Davis, Larry},
	booktitle={Proceedings of the IEEE Conference on Computer Vision and Pattern Recognition},
	pages={4875--4884},
	year={2017}
}

@article{deng2018arcface,
	title={Arcface: Additive angular margin loss for deep face recognition},
	author={Deng, Jiankang and Guo, Jia and Zafeiriou, Stefanos},
	journal={arXiv preprint arXiv:1801.07698},
	year={2018}
}

@article{viola2004robust,
	title={Robust real-time face detection},
	author={Viola, Paul and Jones, Michael J},
	journal={International journal of computer vision},
	volume={57},
	number={2},
	pages={137--154},
	year={2004},
	publisher={Springer}
}

@inproceedings{dalal2005histograms,
	title={Histograms of oriented gradients for human detection},
	author={Dalal, Navneet and Triggs, Bill},
	booktitle={Computer Vision and Pattern Recognition, 2005. CVPR 2005. IEEE Computer Society Conference on},
	volume={1},
	pages={886--893},
	year={2005},
	organization={IEEE}
}

@article{simonyan2014very,
	title={Very deep convolutional networks for large-scale image recognition},
	author={Simonyan, Karen and Zisserman, Andrew},
	journal={arXiv preprint arXiv:1409.1556},
	year={2014}
}

@inproceedings{he2016deep,
	title={Deep residual learning for image recognition},
	author={He, Kaiming and Zhang, Xiangyu and Ren, Shaoqing and Sun, Jian},
	booktitle={Proceedings of the IEEE conference on computer vision and pattern recognition},
	pages={770--778},
	year={2016}
}

@inproceedings{hu2017finding,
	title={Finding tiny faces},
	author={Hu, Peiyun and Ramanan, Deva},
	booktitle={2017 IEEE Conference on Computer Vision and Pattern Recognition (CVPR)},
	pages={1522--1530},
	year={2017},
	organization={IEEE}
}

@techreport{huang2007labeled,
	title={Labeled faces in the wild: A database for studying face recognition in unconstrained environments},
	author={Huang, Gary B and Ramesh, Manu and Berg, Tamara and Learned-Miller, Erik},
	year={2007},
	institution={Technical Report 07-49, University of Massachusetts, Amherst}
}

@inproceedings{yang2016wider,
	title={Wider face: A face detection benchmark},
	author={Yang, Shuo and Luo, Ping and Loy, Chen-Change and Tang, Xiaoou},
	booktitle={Proceedings of the IEEE Conference on Computer Vision and Pattern Recognition},
	pages={5525--5533},
	year={2016}
}

@TechReport{fddbTech,
	author = {Vidit Jain and Erik Learned-Miller},
	title =  {FDDB: A Benchmark for Face Detection in Unconstrained Settings},
	institution =  {University of Massachusetts, Amherst},
	year = {2010},
	number = {UM-CS-2010-009}
}

@article{zhang2016joint,
	title={Joint face detection and alignment using multitask cascaded convolutional networks},
	author={Zhang, Kaipeng and Zhang, Zhanpeng and Li, Zhifeng and Qiao, Yu},
	journal={IEEE Signal Processing Letters},
	volume={23},
	number={10},
	pages={1499--1503},
	year={2016},
	publisher={IEEE}
}

@article{opencv_library,
	author = {Bradski, G.},
	citeulike-article-id = {2236121},
	journal = {Dr. Dobb's Journal of Software Tools},
	keywords = {bibtex-import},
	posted-at = {2008-01-15 19:21:54},
	priority = {4},
	title = {{The OpenCV Library}},
	year = {2000}
}

@article{jia2014caffe,
	Author = {Jia, Yangqing and Shelhamer, Evan and Donahue, Jeff and Karayev, Sergey and Long, Jonathan and Girshick, Ross and Guadarrama, Sergio and Darrell, Trevor},
	Journal = {arXiv preprint arXiv:1408.5093},
	Title = {Caffe: Convolutional Architecture for Fast Feature Embedding},
	Year = {2014}
}

@misc{tensorflow2015-whitepaper,
	title={ {TensorFlow}: Large-Scale Machine Learning on Heterogeneous Systems},
	url={https://www.tensorflow.org/},
	note={Software available from tensorflow.org},
	author={
	Mart\'{\i}n~Abadi and
	Ashish~Agarwal and
	Paul~Barham and
	Eugene~Brevdo and
	Zhifeng~Chen and
	Craig~Citro and
	Greg~S.~Corrado and
	Andy~Davis and
	Jeffrey~Dean and
	Matthieu~Devin and
	Sanjay~Ghemawat and
	Ian~Goodfellow and
	Andrew~Harp and
	Geoffrey~Irving and
	Michael~Isard and
	Yangqing Jia and
	Rafal~Jozefowicz and
	Lukasz~Kaiser and
	Manjunath~Kudlur and
	Josh~Levenberg and
	Dandelion~Man\'{e} and
	Rajat~Monga and
	Sherry~Moore and
	Derek~Murray and
	Chris~Olah and
	Mike~Schuster and
	Jonathon~Shlens and
	Benoit~Steiner and
	Ilya~Sutskever and
	Kunal~Talwar and
	Paul~Tucker and
	Vincent~Vanhoucke and
	Vijay~Vasudevan and
	Fernanda~Vi\'{e}gas and
	Oriol~Vinyals and
	Pete~Warden and
	Martin~Wattenberg and
	Martin~Wicke and
	Yuan~Yu and
	Xiaoqiang~Zheng},
	year={2015},
}

@inproceedings{nickolls2008scalable,
	title={Scalable parallel programming with CUDA},
	author={Nickolls, John and Buck, Ian and Garland, Michael and Skadron, Kevin},
	booktitle={ACM SIGGRAPH 2008 classes},
	pages={16},
	year={2008},
	organization={ACM}
}

@article{chetlur2014cudnn,
	title={cudnn: Efficient primitives for deep learning},
	author={Chetlur, Sharan and Woolley, Cliff and Vandermersch, Philippe and Cohen, Jonathan and Tran, John and Catanzaro, Bryan and Shelhamer, Evan},
	journal={arXiv preprint arXiv:1410.0759},
	year={2014}
}

@inproceedings{yang2015facial,
	title={From facial parts responses to face detection: A deep learning approach},
	author={Yang, Shuo and Luo, Ping and Loy, Chen-Change and Tang, Xiaoou},
	booktitle={Proceedings of the IEEE International Conference on Computer Vision},
	pages={3676--3684},
	year={2015}
}

@inproceedings{shrivastava2016training,
	title={Training region-based object detectors with online hard example mining},
	author={Shrivastava, Abhinav and Gupta, Abhinav and Girshick, Ross},
	booktitle={Proceedings of the IEEE Conference on Computer Vision and Pattern Recognition},
	pages={761--769},
	year={2016}
}

@article{howard2017mobilenets,
	title={Mobilenets: Efficient convolutional neural networks for mobile vision applications},
	author={Howard, Andrew G and Zhu, Menglong and Chen, Bo and Kalenichenko, Dmitry and Wang, Weijun and Weyand, Tobias and Andreetto, Marco and Adam, Hartwig},
	journal={arXiv preprint arXiv:1704.04861},
	year={2017}
}

@article{sandler2018inverted,
	title={Inverted Residuals and Linear Bottlenecks: Mobile Networks for Classification, Detection and Segmentation},
	author={Sandler, Mark and Howard, Andrew and Zhu, Menglong and Zhmoginov, Andrey and Chen, Liang-Chieh},
	journal={arXiv preprint arXiv:1801.04381},
	year={2018}
}

@inproceedings{parkhi2015deep,
	title={Deep Face Recognition.},
	author={Parkhi, Omkar M and Vedaldi, Andrea and Zisserman, Andrew and others},
	booktitle={BMVC},
	volume={1},
	number={3},
	pages={6},
	year={2015}
}

@article{cao2017vggface2,
	title={VGGFace2: A dataset for recognising faces across pose and age},
	author={Cao, Qiong and Shen, Li and Xie, Weidi and Parkhi, Omkar M and Zisserman, Andrew},
	journal={arXiv preprint arXiv:1710.08092},
	year={2017}
}

@article{yi2014learning,
	title={Learning face representation from scratch},
	author={Yi, Dong and Lei, Zhen and Liao, Shengcai and Li, Stan Z},
	journal={arXiv preprint arXiv:1411.7923},
	year={2014}
}

@inproceedings{bansal2017umdfaces,
	title={Umdfaces: An annotated face dataset for training deep networks},
	author={Bansal, Ankan and Nanduri, Anirudh and Castillo, Carlos D and Ranjan, Rajeev and Chellappa, Rama},
	booktitle={Biometrics (IJCB), 2017 IEEE International Joint Conference on},
	pages={464--473},
	year={2017},
	organization={IEEE}
}

@INPROCEEDINGS {guo2016msceleb,
	author = {Guo, Yandong and Zhang, Lei and Hu, Yuxiao and He, Xiaodong and Gao, Jianfeng},
	title = {M{S}-{C}eleb-1{M}: A Dataset and Benchmark for Large Scale Face Recognition},
	booktitle = {European Conference on Computer Vision},
	year = {2016},
	organization={Springer}}

@inproceedings{nech2017level,
	title={Level Playing Field For Million Scale Face Recognition},
	author={Nech, Aaron and Kemelmacher-Shlizerman, Ira},
	booktitle={Proceedings of the IEEE Conference on Computer Vision and Pattern Recognition},
	year={2017}
}

@inproceedings{weber1998quantitative,
	title={A quantitative analysis and performance study for similarity-search methods in high-dimensional spaces},
	author={Weber, Roger and Schek, Hans-J{\"o}rg and Blott, Stephen},
	booktitle={VLDB},
	volume={98},
	pages={194--205},
	year={1998}
}

@inproceedings{lv2007multi,
	title={Multi-probe LSH: efficient indexing for high-dimensional similarity search},
	author={Lv, Qin and Josephson, William and Wang, Zhe and Charikar, Moses and Li, Kai},
	booktitle={Proceedings of the 33rd international conference on Very large data bases},
	pages={950--961},
	year={2007},
	organization={VLDB Endowment}
}

@inproceedings{harwood2016fanng,
	title={Fanng: Fast approximate nearest neighbour graphs},
	author={Harwood, Ben and Drummond, Tom},
	booktitle={Proceedings of the IEEE Conference on Computer Vision and Pattern Recognition},
	pages={5713--5722},
	year={2016}
}